@book{miller2011survival,
  title={Survival analysis},
  author={MILLER Jr, RUPERT G},
  volume={66},
  year={2011},
  publisher={John Wiley \& Sons}
}

@article{nunes2016jurimetria,
  title={Jurimetria: como a estat{\'\i}stica pode reinventar o Direito},
  author={NUNES, Marcelo Guedes},
  journal={S{\~a}o Paulo: Editora Revista dos Tribunais},
  year={2016}
}
